<collection xmlns="http://www.loc.gov/MARC21/slim">
<record>
  <leader>01330nam0a2200265 i 450 </leader>
  <controlfield tag="001">IT\ICCU\CNCE\039600</controlfield>
  <controlfield tag="005">20020520000000.0</controlfield>
  <datafield tag="012" ind1=" " ind2=" ">
    <subfield code="a">rane mouo noro MiEt (C) 1523 (R)</subfield>
    <subfield code="2">fei</subfield>
  </datafield>
  <datafield tag="100" ind1=" " ind2=" ">
    <subfield code="a">19981031d1523        0itac0103    ba</subfield>
  </datafield>
  <datafield tag="101" ind1=" " ind2=" ">
    <subfield code="a">ITA</subfield>
  </datafield>
  <datafield tag="102" ind1=" " ind2=" ">
    <subfield code="a">IT</subfield>
  </datafield>
  <datafield tag="200" ind1="1" ind2=" ">
    <subfield code="a">℗La ℗vita de Iosep figliolo de Iacob, recitata in la inclita citta di  Venetia per misser Francesco Cherea de&apos; nobili da Luca del anno MDXXIII</subfield>
  </datafield>
  <datafield tag="210" ind1=" " ind2=" ">
    <subfield code="e">Impressa in Venetia</subfield>
    <subfield code="g">per Benedetto et Augustino fratelli de Bendoni</subfield>
    <subfield code="h">1523 adi primo de aprile</subfield>
  </datafield>
  <datafield tag="215" ind1=" " ind2=" ">
    <subfield code="a">\98! c.</subfield>
    <subfield code="d">8ʻ</subfield>
  </datafield>
  <datafield tag="300" ind1=" " ind2=" ">
    <subfield code="a">L&apos;autore si ricava da: Dizionario biografico degli italiani. v. 27, p. 4</subfield>
  </datafield>
  <datafield tag="620" ind1=" " ind2=" ">
    <subfield code="a">IT</subfield>
    <subfield code="d">Venezia</subfield>
  </datafield>
  <datafield tag="700" ind1=" " ind2="1">
    <subfield code="a">Collenuccio,</subfield>
    <subfield code="b">Pandolfo</subfield>
    <subfield code="3">IT\ICCU\CNCA\003388</subfield>
  </datafield>
  <datafield tag="712" ind1="0" ind2="0">
    <subfield code="a">Bindoni, Benedetto &amp; Bindoni, Agostino</subfield>
    <subfield code="3">IT\ICCU\CNCT\000426</subfield>
    <subfield code="4">650</subfield>
  </datafield>
  <datafield tag="790" ind1=" " ind2="1">
    <subfield code="a">Coldonese,</subfield>
    <subfield code="b">Pandolfo</subfield>
    <subfield code="3">IT\ICCU\CNCA\008267</subfield>
    <subfield code="z">Collenuccio, Pandolfo</subfield>
  </datafield>
  <datafield tag="790" ind1=" " ind2="1">
    <subfield code="a">Collenuccius,</subfield>
    <subfield code="b">Pandulphus : Pisaurensis</subfield>
    <subfield code="3">IT\ICCU\CNCA\013250</subfield>
    <subfield code="z">Collenuccio, Pandolfo</subfield>
  </datafield>
  <datafield tag="790" ind1=" " ind2="1">
    <subfield code="a">Collenutius,</subfield>
    <subfield code="b">Pandolphus</subfield>
    <subfield code="3">IT\ICCU\CNCA\013251</subfield>
    <subfield code="z">Collenuccio, Pandolfo</subfield>
  </datafield>
  <datafield tag="790" ind1=" " ind2="0">
    <subfield code="a">Pandolfo</subfield>
    <subfield code="c"> : da#Pesaro</subfield>
    <subfield code="3">IT\ICCU\CNCA\013252</subfield>
    <subfield code="z">Collenuccio, Pandolfo</subfield>
  </datafield>
  <datafield tag="790" ind1=" " ind2="1">
    <subfield code="a">Collenucius,</subfield>
    <subfield code="b">Pandulphus</subfield>
    <subfield code="3">IT\ICCU\CNCA\013253</subfield>
    <subfield code="z">Collenuccio, Pandolfo</subfield>
  </datafield>
  <datafield tag="801" ind1=" " ind2="3">
    <subfield code="a">IT</subfield>
    <subfield code="b">ICCU</subfield>
    <subfield code="c">20201114</subfield>
  </datafield>
  <datafield tag="899" ind1=" " ind2=" ">
    <subfield code="a">Biblioteca nazionale Braidense. Milano</subfield>
    <subfield code="1">MI0185</subfield>
    <subfield code="2">MIL NB</subfield>
  </datafield>
</record>
</collection>
